<?xml version="1.0" encoding="UTF-8"?><collection xmlns="http://www.loc.gov/MARC21/slim"><record><leader>00432nam--2200169-u-4500</leader><controlfield tag="001">000051594</controlfield><controlfield tag="002">20161230</controlfield><controlfield tag="005">20170102172421</controlfield><controlfield tag="008">080808s1000------------r-----000-0-eng-d</controlfield><datafield ind1=" " ind2=" " tag="040"><subfield code="a">IFIN-HH</subfield></datafield><datafield ind1=" " ind2=" " tag="080"><subfield code="a">517.5</subfield></datafield><datafield ind1="1" ind2=" " tag="100"><subfield code="a">Evgrafov, M. A</subfield><subfield code="e">red</subfield></datafield><datafield ind1="1" ind2="0" tag="245"><subfield code="a">Recueil de Problemes sur la Theorie des Fonctions Analitiques</subfield></datafield><datafield ind1=" " ind2=" " tag="260"><subfield code="a">Moscou</subfield><subfield code="b">Mir</subfield><subfield code="c">1974</subfield></datafield><datafield ind1=" " ind2=" " tag="300"><subfield code="a">447 p</subfield></datafield><datafield ind1=" " ind2=" " tag="852"><subfield code="a">47933</subfield><subfield code="c">517.5</subfield></datafield><datafield ind1=" " ind2=" " tag="CAT"><subfield code="a">SYS</subfield><subfield code="c">20170102</subfield><subfield code="h">172421</subfield></datafield></record></collection>